<record><leader>00000cas a2200000 a 4500</leader><controlfield tag="001">8780412</controlfield><controlfield tag="008">820916d18561859iaudn ne      0    0eng  </controlfield><datafield ind1=" " ind2=" " tag="010"><subfield code="a">sn 82014134 </subfield></datafield><datafield ind1=" " ind2=" " tag="040"><subfield code="a">DLC</subfield><subfield code="b">eng</subfield><subfield code="c">DLC</subfield><subfield code="d">NPW</subfield><subfield code="d">DLC</subfield><subfield code="d">NPX</subfield><subfield code="d">DLC</subfield><subfield code="d">INP</subfield><subfield code="d">NVF</subfield><subfield code="d">NVK</subfield><subfield code="d">NVF</subfield><subfield code="d">OCLCQ</subfield><subfield code="d">DLC</subfield><subfield code="d">OCLCO</subfield><subfield code="d">OCLCQ</subfield><subfield code="d">OCLCF</subfield><subfield code="d">IUL</subfield><subfield code="d">OCL</subfield></datafield><datafield ind1=" " ind2=" " tag="042"><subfield code="a">pcc</subfield></datafield><datafield ind1=" " ind2=" " tag="043"><subfield code="a">n-us-ia</subfield></datafield><datafield ind1="0" ind2="0" tag="050"><subfield code="a">Newspaper 7784</subfield></datafield><datafield ind1="0" ind2="0" tag="245"><subfield code="a">Daily Iowa State Democrat.</subfield></datafield><datafield ind1="1" ind2="3" tag="246"><subfield code="a">Daily State Democrat</subfield></datafield><datafield ind1="1" ind2="7" tag="246"><subfield code="a">State Democrat</subfield></datafield><datafield ind1=" " ind2=" " tag="260"><subfield code="a">Davenport, Iowa :</subfield><subfield code="b">G.R. West,</subfield><subfield code="c">-1859.</subfield></datafield><datafield ind1=" " ind2=" " tag="300"><subfield code="a">volumes</subfield></datafield><datafield ind1=" " ind2=" " tag="310"><subfield code="a">Daily (except Monday),</subfield><subfield code="b">Apr. 18, 1858-1859</subfield></datafield><datafield ind1=" " ind2=" " tag="321"><subfield code="a">Daily (except Sunday),</subfield><subfield code="b">&lt;Apr. 29, 1856&gt;-Apr. 17, 1858</subfield></datafield><datafield ind1="1" ind2=" " tag="362"><subfield code="a">Began in Apr. 1856.</subfield></datafield><datafield ind1="0" ind2=" " tag="362"><subfield code="a">-v. 4, no. 292 (Oct. 14, 1858); v. 4, no. 1 (Oct. 15, 1858)-v. 4, no. 304 (Oct. 9, 1859).</subfield></datafield><datafield ind1=" " ind2=" " tag="530"><subfield code="a">Available on microfilm from UMI, and the Library of Congress Photoduplication Service.</subfield></datafield><datafield ind1=" " ind2=" " tag="588"><subfield code="a">Description based on: Vol. 1, no. 175 (Apr. 29, 1856); title from masthead.</subfield></datafield><datafield ind1=" " ind2="0" tag="651"><subfield code="a">Davenport (Iowa)</subfield><subfield code="v">Newspapers.</subfield></datafield><datafield ind1=" " ind2="0" tag="651"><subfield code="a">Scott County (Iowa)</subfield><subfield code="v">Newspapers.</subfield></datafield><datafield ind1=" " ind2="7" tag="651"><subfield code="a">Iowa</subfield><subfield code="z">Scott County.</subfield><subfield code="2">fast</subfield><subfield code="0">(OCoLC)fst01212225</subfield></datafield><datafield ind1=" " ind2="7" tag="651"><subfield code="a">Iowa</subfield><subfield code="z">Davenport.</subfield><subfield code="2">fast</subfield><subfield code="0">(OCoLC)fst01207492</subfield></datafield><datafield ind1=" " ind2="7" tag="655"><subfield code="a">Newspapers.</subfield><subfield code="2">fast</subfield><subfield code="0">(OCoLC)fst01423814</subfield></datafield><datafield ind1=" " ind2=" " tag="752"><subfield code="a">United States</subfield><subfield code="b">Iowa</subfield><subfield code="c">Scott</subfield><subfield code="d">Davenport.</subfield></datafield><datafield ind1="0" ind2="0" tag="780"><subfield code="t">Daily State Democrat</subfield><subfield code="w">(DLC)sn 82016489</subfield><subfield code="w">(OCoLC)9549419</subfield></datafield><datafield ind1="0" ind2="7" tag="785"><subfield code="t">Daily morning news (Davenport, Iowa)</subfield><subfield code="w">(DLC)sn 82014136</subfield><subfield code="w">(OCoLC)8784182</subfield></datafield><datafield ind1="0" ind2="7" tag="785"><subfield code="t">Daily Democrat and news</subfield><subfield code="w">(DLC)sn 82015737</subfield><subfield code="w">(OCoLC)8811315</subfield></datafield><datafield ind1="4" ind2="1" tag="856"><subfield code="u">http://infoweb.newsbank.com/?db=EANX&amp;s_browseRef=decades/11B847A603A31925/all.xml</subfield></datafield></record>